@incollection {immersionconj,
    AUTHOR = {Cohen, Ralph L. and Tillmann, Ulrike},
     TITLE = {Lectures on immersion theory},
 BOOKTITLE = {Differential geometry and topology ({T}ianjin, 1986--87)},
    SERIES = {Lecture Notes in Math.},
    VOLUME = {1369},
     PAGES = {71--124},
 PUBLISHER = {Springer, Berlin},
      YEAR = {1989},
       DOI = {10.1007/BFb0087528},
       URL = {https://doi.org/10.1007/BFb0087528},
}

@article {massey,
    AUTHOR = {Massey, W. S.},
     TITLE = {On the {S}tiefel-{W}hitney classes of a manifold},
   JOURNAL = {American Journal of Mathematics},
    VOLUME = {82},
      YEAR = {1960},
     PAGES = {92--102},
      ISSN = {0002-9327},
       DOI = {10.2307/2372878},
       URL = {https://doi.org/10.2307/2372878},
}

@article {brown,
    AUTHOR = {Brown, Richard L. W.},
     TITLE = {Immersions and embeddings up to cobordism},
   JOURNAL = {Canadian Journal of Mathematics. Journal Canadien de
              Math\'ematiques},
    VOLUME = {23},
      YEAR = {1971},
     PAGES = {1102--1115},
      ISSN = {0008-414X},
       DOI = {10.4153/CJM-1971-116-8},
       URL = {https://doi.org/10.4153/CJM-1971-116-8},
}

@article {thomfrench,
    AUTHOR = {Thom, Ren\'e},
     TITLE = {Quelques propri\'et\'es globales des vari\'et\'es diff\'erentiables},
   JOURNAL = {Commentarii Mathematici Helvetici},
    VOLUME = {28},
      YEAR = {1954},
     PAGES = {17--86},
      ISSN = {0010-2571},
       DOI = {10.1007/BF02566923},
       URL = {https://doi.org/10.1007/BF02566923},
}

@inbook{thom,
author = {Thom, Ren\'e},
title = {Some “global” properties of differentiable manifolds},
origtitle = {Quelques propri\'et\'es globales des vari\'et\'es diff\'erentiables},
booktitle = {Topological Library Part 1: Cobordisms and Their Applications},
pages = {131--209},
doi = {10.1142/9789812772107_0002},
URL = {https://www.worldscientific.com/doi/abs/10.1142/9789812772107_0002},
year = {2007},
translator = {V.O. Manturov},
origlanguage = {French},
note = {translation of \cite{thomfrench} with M.M. Postnikov's comments (1958)},
    SERIES = {Series on Knots and Everything},
    VOLUME = {39},
    EDITOR = {Novikov, S. P. and Taimanov, I. A.},
 PUBLISHER = {World Scientific Publishing Co. Pte. Ltd., Hackensack, NJ},
      ISBN = {978-981-270-559-4},
}


@article {serrefrench,
    AUTHOR = {Serre, Jean-Pierre},
     TITLE = {Cohomologie modulo {$2$} des complexes d'Eilenberg-Mac\-Lane},
   JOURNAL = {Commentarii Mathematici Helvetici},
    VOLUME = 27,
      YEAR = 1953,
     PAGES = {198--232},
      ISSN = {0010-2571},
       DOI = {10.1007/BF02564562},
       URL = {https://doi.org/10.1007/BF02564562},
}

@inbook{serre,
author = {Serre, Jean-Pierre},
title = {Cohomology modulo 2 of Eilenberg-MacLane complexes},
booktitle = {Topological Library Part 3: Spectral Sequences in Topology},
pages = {153--190},
doi = {10.1142/9789814401319_0003},
URL = {https://www.worldscientific.com/doi/abs/10.1142/9789814401319_0003},
year = {2012},
translator = {V. P. Golubyatnikov},
origlanguage = {French},
note = {translation of \cite{serrefrench}},
    SERIES = {Series on Knots and Everything},
    VOLUME = {50},
    EDITOR = {Novikov, S. P. and Taimanov, I. A.},
 PUBLISHER = {World Scientific Publishing Co. Pte. Ltd., Hackensack, NJ},
     PAGES = {x+576},
      ISBN = {978-981-4401-30-2},
}


@book {mosher,
    AUTHOR = {Mosher, Robert E. and Tangora, Martin C.},
     TITLE = {Cohomology operations and applications in homotopy theory},
 PUBLISHER = {Harper \& Row, Publishers, New York-London},
      YEAR = {1968},
     PAGES = {x+214},
}

@book {steenrodepstein,
    AUTHOR = {Steenrod, N. E.},
     TITLE = {Cohomology operations},
    SERIES = {Lectures by N. E. Steenrod written and revised by D. B. A.
              Epstein. Annals of Mathematics Studies, No. 50},
 PUBLISHER = {Princeton University Press, Princeton, N.J.},
      YEAR = {1962},
     PAGES = {vii+139},
}

@book {hatcher,
    AUTHOR = {Hatcher, Allen},
     TITLE = {Algebraic topology},
 PUBLISHER = {Cambridge University Press, Cambridge},
      YEAR = {2002},
     PAGES = {xii+544},
      ISBN = {0-521-79540-0},
}

@book {tomdieck,
    AUTHOR = {tom Dieck, Tammo},
     TITLE = {Algebraic topology},
    SERIES = {EMS Textbooks in Mathematics},
 PUBLISHER = {European Mathematical Society (EMS), Z\"urich},
      YEAR = {2008},
     PAGES = {xii+567},
      ISBN = {978-3-03719-048-7},
       DOI = {10.4171/048},
       URL = {https://doi.org/10.4171/048},
}

@book {switzer,
    AUTHOR = {Switzer, Robert M.},
     TITLE = {Algebraic topology---homotopy and homology},
    SERIES = {Classics in Mathematics},
      NOTE = {Reprint of the 1975 original [Springer, New York;  MR0385836
              (52 \#6695)]},
 PUBLISHER = {Springer-Verlag, Berlin},
      YEAR = {2002},
     PAGES = {xiv+526},
      ISBN = {3-540-42750-3},
}

@book {may,
    AUTHOR = {May, J. P.},
     TITLE = {A concise course in algebraic topology},
    SERIES = {Chicago Lectures in Mathematics},
 PUBLISHER = {University of Chicago Press, Chicago, IL},
      YEAR = {1999},
     PAGES = {x+243},
      ISBN = {0-226-51182-0},
}

@book {milnor,
    AUTHOR = {Milnor, John W. and Stasheff, James D.},
     TITLE = {Characteristic classes},
      NOTE = {Annals of Mathematics Studies, No. 76},
 PUBLISHER = {Princeton University Press, Princeton, N. J.; University of
              Tokyo Press, Tokyo},
      YEAR = {1974},
     PAGES = {vii+331},
}

@book{milnorlectures,
  title={Lectures on characteristic classes},
  note={mimeographed notes by James Stasheff},
  author={Milnor, J.W.},
  year={1957},
  pages={144},
  publisher={Princeton University Press, Princeton, N. J.}
}

@book{bosch2013algebra,
  title={Algebra},
  author={Bosch, S.},
  isbn={978-3-642-39567-3},
  series={Springer-Lehrbuch},
  url={https://books.google.de/books?id=H0wiBAAAQBAJ},
  year={2013},
  publisher={Springer Spektrum, Berlin, Heidelberg}
}

@book{raymond,
    AUTHOR = {S\'eroul, Raymond},
     TITLE = {Programming for mathematicians},
    SERIES = {Universitext},
      NOTE = {Translated from the 1995 French original by Donal O'Shea},
 PUBLISHER = {Springer-Verlag, Berlin},
      YEAR = {2000},
     PAGES = {xvi+429},
      ISBN = {3-540-66422-X},
       DOI = {10.1007/978-3-642-57129-9},
       URL = {https://doi.org/10.1007/978-3-642-57129-9},
}

@article {hirschimmersions,
    AUTHOR = {Hirsch, Morris W.},
     TITLE = {Immersions of manifolds},
   JOURNAL = {Transactions of the American Mathematical Society},
    VOLUME = {93},
      YEAR = {1959},
     PAGES = {242--276},
      ISSN = {0002-9947},
       DOI = {10.2307/1993453},
       URL = {https://doi.org/10.2307/1993453},
}


@book {hirsch,
    AUTHOR = {Hirsch, Morris W.},
     TITLE = {Differential topology},
    SERIES = {Graduate Texts in Mathematics},
    VOLUME = {33},
      NOTE = {Corrected reprint of the 1976 original},
 PUBLISHER = {Springer-Verlag, New York},
      YEAR = {1994},
     PAGES = {x+222},
      ISBN = {0-387-90148-5},
}

@incollection {embeddingsummary,
    AUTHOR = {Skopenkov, Arkadiy B.},
     TITLE = {Embedding and knotting of manifolds in {E}uclidean spaces},
 BOOKTITLE = {Surveys in contemporary mathematics},
    SERIES = {London Math. Soc. Lecture Note Ser.},
    VOLUME = {347},
     PAGES = {248--342},
 PUBLISHER = {Cambridge Univ. Press, Cambridge},
      YEAR = {2008},
}

@article {whitneyimmersiontheorem,
    AUTHOR = {Whitney, Hassler},
     TITLE = {The singularities of a smooth {$n$}-manifold in
              {$(2n-1)$}-space},
   JOURNAL = {Ann. of Math. (2)},
  FJOURNAL = {Annals of Mathematics. Second Series},
    VOLUME = {45},
      YEAR = {1944},
     PAGES = {247--293},
      ISSN = {0003-486X},
       DOI = {10.2307/1969266},
       URL = {https://doi.org/10.2307/1969266},
}

@article {wu,
    AUTHOR = {Wu, Wen-ts\"un},
     TITLE = {Classes caract\'eristiques et {$i$}-carr\'es d'une vari\'et\'e},
   JOURNAL = {C. R. Acad. Sci. Paris},
    VOLUME = {230},
      YEAR = {1950},
     PAGES = {508--511},
}

@book {adachi,
    AUTHOR = {Adachi, Masahisa},
     TITLE = {Embeddings and immersions},
    SERIES = {Translations of Mathematical Monographs},
    VOLUME = {124},
      NOTE = {Translated from the 1984 Japanese original by Kiki Hudson},
 PUBLISHER = {American Mathematical Society, Providence, RI},
      YEAR = {1993},
     PAGES = {x+183},
      ISBN = {0-8218-4612-4},
}